% Encoding: UTF-8

@Online{futurism_jaywalking,
  author   = {Claudia Geib},
  title    = {If You Jaywalk in China, Facial Recognition Means Youâ€™ll Walk Away With A Fine},
  year     = {2018},
  date     = {2018-03-30},
  url      = {https://futurism.com/facial-recognition-china-social-credit},
  language = {Englisch},
  urldate  = {2020-11-12},
  file     = {:citations/Chileans Criticize US Scientists Over Treatment of Ata the Alien Mummy - futurism.com_ (12.11.2020 14_08_07).html:Text}
}

@InBook{bloomberg_ruleoflaw,
  author    = {Marianne von Blomberg},
  title     = {The Social Credit System and China's Rule of Law},
  booktitle = {Social Credit Rating: Reputation und Vertrauen beurteilen},
  year      = {2020},
  editor    = {Oliver Everling},
  language  = {Englisch},
  publisher = {Springer Fachmedien Wiesbaden},
  pages     = {111--137},
  url       = {https://doi.org/10.1007/978-3-658-29653-7_6},
  file      = {:citations/social-credit-rating-2020.pdf:PDF},
}

@Comment{jabref-meta: databaseType:biblatex;}

% Encoding: UTF-8
