% Encoding: UTF-8

@Misc{cv_lecture_ex,
  author   = {Stefan Elser},
  title    = {Computer Vision Compulsory Projects},
  year     = {2021},
  date     = {2021-05-05},
  urldate  = {2020-05-11}
}

@Online{pip_opencv,
  author   = {Olli-Pekka Heinisuo},
  title    = {opencv-python},
  organization = {Python Package Index},
  year     = {2021},
  date     = {2021-01-02},
  url      = {https://pypi.org/project/opencv-python/},
  urldate  = {2021-04-24}
}

@article{ipol.2011.my-asift,
    title   = {{ASIFT: An Algorithm for Fully Affine Invariant Comparison}},
    author  = {Yu, Guoshen and Morel, Jean-Michel},
    journal = {{Image Processing On Line}},
    volume  = {1},
    pages   = {11--38},
    year    = {2011},
    note    = {\url{https://doi.org/10.5201/ipol.2011.my-asift}}
}


@Online{python_generator,
  title    = {Generators},
  organization = {Python Wiki},
  year     = {2020},
  date     = {2020-12-04},
  url      = {https://wiki.python.org/moin/Generators},
  urldate  = {2021-05-25}
}

@Online{cv_cctut,
  author   = {OpenCV},
  title    = {OpenCV: Camera Calibration},
  url      = {https://docs.opencv.org/master/dc/dbb/tutorial_py_calibration.html},
  urldate  = {2021-05-19}
}

@Online{cv_corner,
  author   = {OpenCV},
  title    = {OpenCV: Feature Detection},
  url      = {https://docs.opencv.org/master/dd/d1a/group__imgproc__feature.html#ga354e0d7c86d0d9da75de9b9701a9a87e},
  urldate  = {2021-05-27}
}

@Online{cv_calibratecamera,
  author   = {OpenCV},
  title    = {OpenCV: Camera Calibration and 3D Reconstruction},
  url      = {https://docs.opencv.org/master/d9/d0c/group__calib3d.html#ga3207604e4b1a1758aa66acb6ed5aa65d},
  urldate  = {2021-05-24}
}


@Online{cv_charuco,
  author   = {OpenCV},
  title    = {OpenCV: Calibration with ArUco and ChArUco},
  url      = {https://docs.opencv.org/master/da/d13/tutorial_aruco_calibration.html},
  urldate  = {2021-05-27}
}

@Online{cv_videocapture,
  author   = {OpenCV},
  title    = {OpenCV: cv::VideoCapture Class Reference},
  url      = {https://docs.opencv.org/3.4/d8/dfe/classcv_1_1VideoCapture.html},
  urldate  = {2021-05-23}
}

@Online{cc_toolbox,
  author   = {Jean-Yves Bouguet},
  title    = {Camera Calibration Toolbox for Matlab},
  url      = {http://www.vision.caltech.edu/bouguetj/calib_doc/},
  date = {2015-10-14},
  urldate  = {2021-05-24}
}

@article{canny_paper,
author = {John Canny},
year = {1986},
month = {12},
pages = {679 - 698},
title = {A Computational Approach To Edge Detection},
volume = {PAMI-8},
isbn = {9780080515816},
journal = {Pattern Analysis and Machine Intelligence, IEEE Transactions on},
doi = {10.1109/TPAMI.1986.4767851},
url = {https://www.researchgate.net/publication/224377985_A_Computational_Approach_To_Edge_Detection},
urldate = {2021-04-15}
}

@Comment{jabref-meta: databaseType:biblatex;}

% Encoding: UTF-8
