% Encoding: UTF-8

@Misc{cv_lecture_ex,
  author   = {Stefan Elser},
  title    = {Computer Vision Compulsory Projects},
  year     = {2021},
  date     = {2021-06-16},
  urldate  = {2020-06-26}
}

@Misc{report2,
  author   = {Bernhard Marconato},
  title    = {Project: Camera Calibration},
  year     = {2021},
  date     = {2021-05-28}
}

@Online{pip_opencv,
  author   = {Olli-Pekka Heinisuo},
  title    = {opencv-python},
  organization = {Python Package Index},
  year     = {2021},
  date     = {2021-06-07},
  url      = {https://pypi.org/project/opencv-python/},
  urldate  = {2021-06-24}
}

@Online{pip_numpy,
  author   = {Travis E. Oliphant et al.},
  title    = {numpy},
  organization = {Python Package Index},
  year     = {2021},
  date     = {2021-06-22},
  url      = {https://pypi.org/project/numpy/},
  urldate  = {2021-06-23}
}

@Online{dotproduct,
  title    = {Calculus II - Dot Product},
  author = {Paul Dawkins},
  year     = {2021},
  date     = {2021-06-14},
  url      = {https://tutorial.math.lamar.edu/classes/calcii/dotproduct.aspx},
  urldate  = {2021-06-29}
}

@Online{trigo,
  title    = {Trig Cheat Sheet},
  author = {Paul Dawkins},
  year     = {2005},
  url      = {https://tutorial.math.lamar.edu/pdf/Trig_Cheat_Sheet.pdf},
  urldate  = {2021-06-29}
}

@Online{cv_solvepnp,
  author   = {OpenCV},
  title    = {OpenCV: Camera calibration with square chessboard},
  url      = {https://docs.opencv.org/3.4/dc/d43/tutorial_camera_calibration_square_chess.html},
  urldate  = {2021-06-29}
}

@Online{apple_lidar,
  author   = {Apple},
  title    = {Use the Measure app on your iPhone, iPad, or iPod touch},
  url      = {https://support.apple.com/en-us/HT208924},
  urldate  = {2021-07-01}
}

@Comment{jabref-meta: databaseType:biblatex;}

% Encoding: UTF-8
